@phdthesis{burger2014diss,
  address = {Karlsruhe, Germany},
  author = {Erik Burger},
  doi = {10.5445/KSP/1000043437},
  editor = {Ralf Reussner},
  isbn = {978-3-7315-0276-0},
  issn = {1867-0067},
  month = {7},
  publisher = {KIT Scientific Publishing},
  school = {Karlsruhe Institute of Technology},
  series = {The Karlsruhe Series on Software Design and Quality},
  title = {{Flexible Views for View-based Model-driven Development}},
  url = {http://digbib.ubka.uni-karlsruhe.de/volltexte/1000043437},
  year = {2014},
}