% - - - - - demo - - - - -

@phdthesis{burger2014diss,
  address = {Karlsruhe, Germany},
  author = {Erik Burger},
  doi = {10.5445/KSP/1000043437},
  editor = {Ralf Reussner},
  isbn = {978-3-7315-0276-0},
  issn = {1867-0067},
  month = {7},
  publisher = {KIT Scientific Publishing},
  school = {Karlsruhe Institute of Technology},
  series = {The Karlsruhe Series on Software Design and Quality},
  title = {{Flexible Views for View-based Model-driven Development}},
  url = {http://digbib.ubka.uni-karlsruhe.de/volltexte/1000043437},
  year = {2014},
}



% - - - - - unarXive 2020 - - - - -

@Book{Swales1990,
  title     = {{Genre analysis: English in academic and research settings}},
  publisher = {Cambridge University Press},
  year      = {1990},
  author    = {Swales, John}
  }
@Article{Hyland1999,
  author  = {Hyland, K},
  title   = {{Academic attribution: citation and the construction of disciplinary knowledge}},
  journal = {Applied Linguistics},
  year    = {1999},
  volume  = {20},
  number  = {3},
  pages   = {341-367},
  doi     = {10.1093/applin/20.3.341},
  }
@InProceedings{Lamers2018,
  author    = {Lamers, Wout and Eck , Nees Jan van and Waltman, Ludo and Hoos, Holger},
  title     = {{Patterns in citation context: the case of the field of scientometrics}},
  booktitle = {STI 2018 Conference proceedings},
  year      = {2018},
  pages     = {1114--1122},
  publisher = {Centre for Science and Technology Studies (CWTS)}
  }
@TechReport{Whidby2011,
  author = {Whidby, Michael and Zajic, David and Dorr, Bonnie},
  title  = {{Citation handling for improved summarization of scientific documents}},
  year   = {2011}
  }
@InProceedings{Abujbara2012,
  author    = {Abu-Jbara, Amjad and Radev, Dragomir},
  title     = {{Reference Scope Identification in Citing Sentences}},
  booktitle = {Proceedings of the 2012 Conference of the North American Chapter of the Association for Computational Linguistics: Human Language Technologies},
  year      = {2012},
  pages     = {80--90},
  address   = {Stroudsburg, PA, USA},
  publisher = {Association for Computational Linguistics},
  acmid     = {2382041},
  isbn      = {978-1-937284-20-6},
  location  = {Montreal, Canada},
  numpages  = {11}
  }
  
@inproceedings{Chandrasekaran2019,
  author    = {Muthu Kumar Chandrasekaran and
               Michihiro Yasunaga and
               Dragomir R. Radev and
               Dayne Freitag and
               Min{-}Yen Kan},
  title     = "{Overview and Results: CL-SciSumm Shared Task 2019}",
  booktitle = "{Proceedings of the 4th Joint Workshop on Bibliometric-enhanced Information Retrieval and Natural Language Processing for Digital Libraries}",
    series = "{BIRNDL'19}",
    location = "Paris, France",
  pages     = {153--166},
  year      = {2019}
}

@inproceedings{Mohapatra2019,
  author    = {Dattatreya Mohapatra and
               Abhishek Maiti and
               Sumit Bhatia and
               Tanmoy Chakraborty},
  title     = "{Go Wide, Go Deep: Quantifying the Impact of Scientific Papers Through
               Influence Dispersion Trees}",
  booktitle = "{Proceedings of the 19th {ACM/IEEE} Joint Conference on Digital Libraries}",
  series     = "{JCDL}'19",
  location = "Champaign, IL, USA",
  pages     = {305--314},
  year      = {2019}
}

@inproceedings{Saier2019BIR,
  author    = {Tarek Saier and
               Michael F{\"{a}}rber},
  title     = {{Bibliometric-Enhanced arXiv: A Data Set for Paper-Based and Citation-Based
               Tasks}},
  booktitle = {Proceedings of the 8th International Workshop on Bibliometric-enhanced
               Information Retrieval {(BIR} 2019) co-located with the 41st European
               Conference on Information Retrieval {(ECIR} 2019), Cologne, Germany,
               April 14, 2019.},
  pages     = {14--26},
  year      = {2019}
}

@inproceedings{Faerber2019TPDL,
   author = {Michael F{\"{a}}rber and Ashwath Sampath},
   title = {{Determining How Citations Are Used in Citation Contexts}},
   booktitle = "{Proceedings of the 23th International Conference on Theory and Practice of Digital Libraries}",
   series = "TPDL'19",
   location = "{Oslo, Norway}",
   year = 2019
}

@Article{Huh2014,
  author  = {Huh, Sun},
  title   = {{Journal Article Tag Suite 1.0: National Information Standards Organization standard of journal extensible markup language}},
  journal = {Science Editing},
  year    = {2014},
  volume  = {1},
  number  = {2},
  pages   = {99-104},
  doi     = {10.6087/kcse.2014.1.99},
}

@Article{Liang2013,
  author        = {Liang, Liming and Rousseau, Ronald and Zhong, Zhen},
  title         = {Non-English journals and papers in physics and chemistry: bias in citations?},
  journal       = {Scientometrics},
  year          = {2013},
  volume        = {95},
  number        = {1},
  pages         = {333--350},
  month         = apr,
  issn          = {1588-2861},
  day           = {01},
  doi           = {10.1007/s11192-012-0828-0},
}

@Article{Liu2018,
  author        = {Liu, Fang and Hu, Guangyuan and Tang, Li and Liu, Weishu},
  title         = {The penalty of containing more non-English articles},
  journal       = {Scientometrics},
  year          = {2018},
  volume        = {114},
  number        = {1},
  pages         = {359--366},
  month         = jan,
  issn          = {1588-2861},
  day           = {01},
  doi           = {10.1007/s11192-017-2577-6},
}

@Article{Reingewertz2018,
  author   = {Yaniv Reingewertz and Carmela Lutmar},
  title    = {Academic in-group bias: An empirical examination of the link between author and journal affiliation},
  journal  = {Journal of Informetrics},
  year     = {2018},
  volume   = {12},
  number   = {1},
  pages    = {74 - 86},
  issn     = {1751-1577},
  doi      = {10.1016/j.joi.2017.11.006},
  keywords = {In-group bias, Citation counts, Author affiliation, Journal affiliation},
}

@inproceedings{Abu-Jbara2013fixed,
    title = {{Purpose and Polarity of Citation: Towards NLP-based Bibliometrics}},
    author = "Abu-Jbara, Amjad  and
      Ezra, Jefferson  and
      Radev, Dragomir",
    booktitle = "Proceedings of the 2013 Conference of the North {A}merican Chapter of the Association for Computational Linguistics: Human Language Technologies",
    month = jun,
    year = "2013",
    address = "Atlanta, Georgia",
    publisher = "Association for Computational Linguistics",
    pages = "596--606",
}

@article{Elkiss2008fixed,
  author    = {Aaron Elkiss and
               Siwei Shen and
               Anthony Fader and
               G{\"{u}}nes Erkan and
               David J. States and
               Dragomir R. Radev},
  title     = {{Blind men and elephants: What do citation summaries tell us about a research article?}},
  journal   = {Journal of the Association for Information Science and Technology},
  volume    = {59},
  number    = {1},
  pages     = {51--62},
  year      = {2008},
  doi       = {10.1002/asi.20707},
}

@inproceedings{Huang2015fixed,
 author = {Huang, Wenyi and Wu, Zhaohui and Liang, Chen and Mitra, Prasenjit and Giles, C. Lee},
 title = {{A Neural Probabilistic Model for Context Based Citation Recommendation}},
 booktitle = {Proceedings of the Twenty-Ninth {AAAI} Conference on Artificial Intelligence},
 series = {AAAI'15},
 year = {2015},
 isbn = {0-262-51129-0},
 location = {Austin, Texas},
 pages = {2404--2410},
 numpages = {7},
 acmid = {2886655},
 publisher = {AAAI Press},
} 

@inproceedings{Roy2016fixed,
	author = {Dwaipayan Roy and Kunal Ray and Mandar Mitra},
	title = {{From a Scholarly Big Dataset to a Test Collection for Bibliographic Citation Recommendation}},
	series = {AAAI Workshops},
	year = {2016},
	url = {https://www.aaai.org/ocs/index.php/WS/AAAIW16/paper/view/12635}
}

@inproceedings{Tang2014fixed,
 author = {Tang, Xuewei and Wan, Xiaojun and Zhang, Xun},
 title = {{Cross-language Context-aware Citation Recommendation in Scientific Articles}},
 booktitle = {Proceedings of the 37th International ACM SIGIR Conference on Research and Development in Information Retrieval},
 series = {SIGIR '14},
 year = {2014},
 isbn = {978-1-4503-2257-7},
 pages = {817--826},
 numpages = {10},
 doi = {10.1145/2600428.2609564},
 acmid = {2609564},
 publisher = {ACM},
}

@inproceedings{Teufel2006fixed,
 author = {Teufel, Simone and Siddharthan, Advaith and Tidhar, Dan},
 title = {{An Annotation Scheme for Citation Function}},
 booktitle = {Proceedings of the 7th SIGdial Workshop on Discourse and Dialogue},
 series = {SigDIAL '06},
 year = {2006},
 isbn = {1-932432-71-X},
 pages = {80--87},
 numpages = {8},
 acmid = {1654612},
 publisher = {Association for Computational Linguistics},
}

@inproceedings{Valenzuela2015fixed,
	author = {Marco Valenzuela and Vu Ha and Oren Etzioni},
	title = {{Identifying Meaningful Citations}},
	series = {AAAI Workshops},
	year = {2015},
	url = {https://www.aaai.org/ocs/index.php/WS/AAAIW15/paper/view/10185}
}

@Article{Beel2016fixed,
author="Beel, Joeran
and Gipp, Bela
and Langer, Stefan
and Breitinger, Corinna",
title={{Research-paper recommender systems: a literature survey}},
journal="International Journal on Digital Libraries",
year="2016",
month=nov,
day="01",
volume="17",
number="4",
pages="305--338",
issn="1432-1300",
doi="10.1007/s00799-015-0156-0",
}

@inproceedings{Teufel2006EMNLP,
  author    = {Simone Teufel and
               Advaith Siddharthan and
               Dan Tidhar},
  title     = {{Automatic classification of citation function}},
  booktitle = {Proceedings of the 2006 Conference on Empirical Methods in Natural Language Processing},
  location  = {Sydney, Australia},
  series    = {{EMNLP'06}},
  pages     = {103--110},
  year      = {2006}
}

@article{Moravcsik1975,
	author = "Michael J Moravcsik and Poovanalingam Murugesan",
	journal = "Social studies of science",
	number = "1",
	pages = "86--92",
	publisher = "Sage Publications Sage CA: Thousand Oaks, CA",
	title = "{Some results on the function and quality of citations}",
	volume = "5",
	year = "1975"
}

@inproceedings{GhoshD017,
  author    = {Souvick Ghosh and
               Dipankar Das and
               Tanmoy Chakraborty},
  title     = "{Determining Sentiment in Citation Text and Analyzing Its Impact on
               the Proposed Ranking Index}",
  booktitle = "{Proceedings of the 17th International Conference on Computational Linguistics and Intelligent Text Processing}",
  series     = "{CICLing'16}",
  location = "{Konya, Turkey}",
  pages     = {292--306},
  year      = {2016}
}

@inproceedings{Chakraborty2016,
  author    = {Tanmoy Chakraborty and
               Ramasuri Narayanam},
  title     = "{All Fingers are not Equal: Intensity of References in Scientific Articles}",
  booktitle = "{Proceedings of the 2016 Conference on Empirical Methods in Natural
               Language Processing}",
  series    = "{EMNLP}'16",
  location  = "{Austin, Texas, USA}",
  pages     = {1348--1358},
  year      = {2016}
}

@inproceedings{He2010WWW,
	author = "Qi He and Jian Pei and Daniel Kifer and Prasenjit Mitra and C. Lee Giles",
	booktitle = "{Proceedings of the 19th International Conference on World Wide Web}",
	location = "{Raleigh, NC, USA}",
	pages = "421--430",
	series = "{{WWW}'10}",
	title = "{Context-aware Citation Recommendation}",
	year = "2010"
}

@inproceedings{Mohammad2009,
  author    = {Saif Mohammad and
               Bonnie J. Dorr and
               Melissa Egan and
               Ahmed Hassan Awadallah and
               Pradeep Muthukrishnan and
               Vahed Qazvinian and
               Dragomir R. Radev and
               David M. Zajic},
  title     = "{Using Citations to Generate surveys of Scientific Paradigms}",
  booktitle = "{Proceedings of the 2009 Annual Conference of the North American Chapter of the Association for Computational Linguistics}",
  series = "NAACL-HLT'09",
 location = "{Boulder, Colorado, {USA}}",
  pages     = {584--592},
  year      = {2009}
}

@article{Jinggiang2007,
  author    = {Jingqiang Chen and
               Hai Zhuge},
  title     = "{Automatic generation of related work through summarizing citations}",
  journal   = {Concurrency and Computation: Practice and Experience},
  volume    = {31},
  number    = {3},
  year      = {2019}
}

@inproceedings{Sinha2015MAG,
  author    = {Arnab Sinha and
               Zhihong Shen and
               Yang Song and
               Hao Ma and
               Darrin Eide and
               Bo{-}June Paul Hsu and
               Kuansan Wang},
  title     = "{An Overview of Microsoft Academic Service {(MAS)} and Applications}",
  booktitle = "{Proceedings of the 24th International Conference on World Wide Web}",
  series    = "{{WWW}'15}",
  location   = "{Florence, Italy}",
  pages     = {243--246},
  year      = {2015}
}

@inproceedings{Ebensu2017,
	author = "Travis Ebesu and Yi Fang",
	booktitle = "{Proceedings of the 40th International {ACM} {SIGIR} Conference on Research and Development in Information Retrieval}",
	series = "{SIGIR'17}",
	location = "{Shinjuku, Tokyo, Japan}",
	pages = "1093--1096",
	title = "{Neural Citation Network for Context-Aware Citation Recommendation}",
	year = "2017"
}

@inproceedings{Faerber2018LREC,
  author    = {Michael F{\"{a}}rber and
               Alexander Thiemann and
               Adam Jatowt},
  title     = "{A High-Quality Gold Standard for Citation-based Tasks}",
  booktitle = "{Proceedings of the 11th International Conference on Language Resources and Evaluation}",
  series = "{LREC}'18",
  location = "{Miyazaki, Japan}",
  year      = {2018}
}

@inproceedings{Caragea2014,
  author    = {Cornelia Caragea and
               Jian Wu and
               Alina Maria Ciobanu and
               Kyle Williams and
               Juan Pablo Fern{\'{a}}ndez Ram{\'{\i}}rez and
               Hung{-}Hsuan Chen and
               Zhaohui Wu and
               C. Lee Giles},
  title     = "{CiteSeer x : {A} Scholarly Big Dataset}",
  booktitle = "{Proceedings of the 36th European Conference on {IR} Research}",
  series    = {{ECIR}'14},
  location  = {Amsterdam, The Netherlands},
  pages     = {311--322},
  year      = {2014}
}

@article{Sugiyama2015,
  author    = {Kazunari Sugiyama and
               Min{-}Yen Kan},
  title     = "{A Comprehensive Evaluation of Scholarly Paper Recommendation Using
               Potential Citation Papers}",
  journal   = {International Journal on Digital Libraries},
  volume    = {16},
  number    = {2},
  pages     = {91--109},
  year      = {2015}
}

@inproceedings{Bird2008ACLARC,
  author    = {Steven Bird and
               Robert Dale and
               Bonnie J. Dorr and
               Bryan R. Gibson and
               Mark Thomas Joseph and
               Min{-}Yen Kan and
               Dongwon Lee and
               Brett Powley and
               Dragomir R. Radev and
               Yee Fan Tan},
  title     = "{The {ACL} Anthology Reference Corpus: {A} Reference Dataset for Bibliographic Research in Computational Linguistics}",
  booktitle = "{Proceedings of the Sixth International Conference on Language Resources and Evaluation}",
  series    = "{{LREC}'08}",
  year      = "2008",
  location  = "{Marrakech, Morocco}"
}

@article{Radev2013,
  author    = {Dragomir R. Radev and
               Pradeep Muthukrishnan and
               Vahed Qazvinian and
               Amjad Abu{-}Jbara},
  title     = "{The {ACL} anthology network corpus}",
  journal   = {Language Resources and Evaluation},
  volume    = {47},
  number    = {4},
  pages     = {919--944},
  year      = {2013}
}

@InProceedings{Gipp2015,
  author        = {Gipp, Bela and Meuschke, Norman and Lipinski, Mario},
  title         = "{CITREC: An Evaluation Framework for Citation-Based Similarity Measures based on TREC Genomics and PubMed Central}",
  booktitle     = {Proceedings of the iConference 2015},
  year          = {2015}
}

@Article{Duma2016,
  author  = {Daniel Duma and Ewan Klein and Maria Liakata and James Ravenscroft and Amanda Clare},
  title   = "{Rhetorical Classification of Anchor Text for Citation Recommendation}",
  journal = {D-Lib Magazine},
  year    = {2016},
  volume  = {22}
}

@InProceedings{Galke2018,
  author        = {Galke, Lukas and Mai, Florian and Vagliano, Iacopo and Scherp, Ansgar},
  title         = {Multi-Modal Adversarial Autoencoders for Recommendations of Citations and Subject Labels},
  booktitle     = {Proceedings of the 26th Conference on User Modeling, Adaptation and Personalization},
  year          = {2018},
  series        = {UMAP '18},
  pages         = {197--205},
  address       = {New York, NY, USA},
  publisher     = {ACM},
  acmid         = {3209236},
  doi           = {10.1145/3209219.3209236},
  isbn          = {978-1-4503-5589-6},
  keywords      = {adversarial autoencoders, multi-modal, neural networks, recommender systems, sparsity},
  location      = {Singapore, Singapore},
  numpages      = {9},
}

@inproceedings{Bast2017,
  author    = {Hannah Bast and
               Claudius Korzen},
  title     = "{A Benchmark and Evaluation for Text Extraction from {PDF}}",
  booktitle = "{Proceedings of the 2017 {ACM/IEEE} Joint Conference on Digital Libraries}",
  series    = "{JCDL}'17",
  location  = "{Toronto, ON, Canada}",
  pages     = {99--108},
  year      = {2017}
}

@Article{Nasar2018,
  author   = {Nasar, Zara and Jaffry, Syed Waqar and Malik, Muhammad Kamran},
  title    = "{Information extraction from scientific articles: a survey}",
  journal  = {Scientometrics},
  year     = {2018},
  volume   = {117},
  number   = {3},
  pages    = {1931--1990},
  month    = {Dec},
  issn     = {1588-2861},
  day      = {01},
  doi      = {10.1007/s11192-018-2921-5},
}

@article{Animesh2018,
  title="{Neural ParsCit: A Deep Learning Based Reference String Parser}",
  author={Prasad, Animesh and Kaur, Manpreet and Kan, Min-Yen},
  journal={International Journal on Digital Libraries},
  volume={19},
  pages={323-337},
  year={2018},
  publisher={Springer},
}

@article{Brown2001,
    title="Interval Estimation for a Binomial Proportion",
    author="Lawrence D. {Brown} and T. Tony {Cai} and Anirban {DasGupta}",
    journal="Statistical Science",
    volume="16",
    number="2",
    pages="101--133",
    year="2001"
}

@Article{Tkaczyk2015,
  author        = {Tkaczyk, Dominika and Szostek, Pawel and Fedoryszak, Mateusz and Dendek, Pitor Jan and Bolikowski, Lukasz},
  title         = {{CERMINE: automatic extraction of structured metadata from scientific literature}},
  journal       = {International Journal on Document Analysis and Recognition (IJDAR)},
  year          = {2015},
  volume        = {18},
  number        = {4},
  pages         = {317--335},
  month         = dec,
  issn          = {1433-2825},
}

@InProceedings{Lopez2009,
  author    = {Lopez, Patrice},
  title     = {{GROBID: Combining Automatic Bibliographic Data Recognition and Term Extraction for Scholarship Publications}},
  booktitle = {Research and Advanced Technology for Digital Libraries},
  year      = {2009},
  pages     = {473--474},
  publisher = {Springer Berlin Heidelberg},
}

@InProceedings{Tkaczyk2018,
  author    = {Tkaczyk, Dominika and Collins, Andrew and Sheridan, Paraic and Beel, Joeran},
  title     = {{Machine Learning vs. Rules and Out-of-the-Box vs. Retrained: An Evaluation of Open-Source Bibliographic Reference and Citation Parsers}},
  booktitle = {Proceedings of the 18th ACM/IEEE on Joint Conference on Digital Libraries},
  year      = {2018},
  series    = {JCDL '18},
  pages     = {99--108},
  address   = {New York, NY, USA},
  publisher = {ACM},
  acmid     = {3197048},
  doi       = {10.1145/3197026.3197048},
  isbn      = {978-1-4503-5178-2},
  location  = {Fort Worth, Texas, USA},
  numpages  = {10}
}



% - - - - - unarXive 2022 - - - - -

@InProceedings{Bast2017,
  author    = {H. Bast and C. Korzen},
  booktitle = {2017 ACM/IEEE Joint Conference on Digital Libraries (JCDL)},
  title     = {{A Benchmark and Evaluation for Text Extraction from PDF}},
  year      = {2017},
  month     = jun,
  pages     = {1--10},
  doi       = {10.1109/JCDL.2017.7991564},
}

@inproceedings{semeval21_task8,
    title = "{S}em{E}val-2021 Task 8: {M}eas{E}val {--} Extracting Counts and Measurements and their Related Contexts",
    author = "Harper, Corey  and
      Cox, Jessica  and
      Kohler, Curt  and
      Scerri, Antony  and
      Daniel Jr., Ron  and
      Groth, Paul",
    booktitle = "Proceedings of the 15th International Workshop on Semantic Evaluation (SemEval-2021)",
    month = aug,
    year = "2021",
    doi = "10.18653/v1/2021.semeval-1.38",
    pages = "306--316",
}


@inproceedings{semeval22_task12,
    title = "{S}em{E}val 2022 Task 12: Symlink - Linking Mathematical Symbols to their Descriptions",
    author = "Lai, Viet  and
      Pouran Ben Veyseh, Amir  and
      Dernoncourt, Franck  and
      Nguyen, Thien",
    booktitle = "Proceedings of the 16th International Workshop on Semantic Evaluation (SemEval-2022)",
    month = jul,
    year = "2022",
    doi = "10.18653/v1/2022.semeval-1.230",
    pages = "1671--1678",
}

@mastersthesis{delemazure2020,
  TITLE = {{A Knowledge Base of Mathematical Results}},
  AUTHOR = {Delemazure, Theo},
  URL = {https://hal.inria.fr/hal-02940819},
  SCHOOL = {{Ecole Normale Sup{\'e}rieure (ENS)}},
  YEAR = {2020},
  MONTH = Sep,
  PDF = {https://hal.inria.fr/hal-02940819/file/rapport_de_stage_delemazure.pdf},
  HAL_ID = {hal-02940819},
  HAL_VERSION = {v1},
}

@Article{Saier2020,
  author   = {Saier, Tarek and F{\"a}rber, Michael},
  title    = {{unarXive: a large scholarly data set with publications’ full-text, annotated in-text citations, and links to metadata}},
  journal  = {Scientometrics},
  year     = {2020},
  month    = mar,
  issn     = {1588-2861},
  doi      = {10.1007/s11192-020-03382-z},
}

@InProceedings{Lo2020,
  author        = {Lo, Kyle and Wang, Lucy Lu and Neumann, Mark and Kinney, Rodney and Weld, Daniel},
  title         = {{S2ORC: The Semantic Scholar Open Research Corpus}},
  booktitle     = {Proceedings of the 58th Annual Meeting of the Association for Computational Linguistics},
  year          = {2020},
  pages         = {4969--4983},
  month         = jul,
  publisher     = {Association for Computational Linguistics},
}

@Article{Hirsch2005,
  author        = {Hirsch, Jorge E},
  title         = {{An index to quantify an individual's scientific research output}},
  journal       = {Proceedings of the National academy of Sciences},
  year          = {2005},
  volume        = {102},
  number        = {46},
  pages         = {16569--16572},
  publisher     = {National Acad Sciences},
}

@Article{Chen2006,
  author        = {Chen, Chaomei},
  title         = {{CiteSpace II: Detecting and visualizing emerging trends and transient patterns in scientific literature}},
  journal       = {Journal of the American Society for Information Science and Technology},
  year          = {2006},
  volume        = {57},
  number        = {3},
  pages         = {359-377},
  doi           = {10.1002/asi.20317},
}

@inproceedings{scibert,
    title = "{S}ci{BERT} Sentence Representation for Citation Context Classification",
    author = "Maheshwari, Himanshu  and
      Singh, Bhavyajeet  and
      Varma, Vasudeva",
    booktitle = "Proceedings of the Second Workshop on Scholarly Document Processing",
    month = jun,
    year = "2021",
    pages = "130--133",
}

@inproceedings{wadden2020,
    title = "Fact or Fiction: Verifying Scientific Claims",
    author = "Wadden, David  and
      Lin, Shanchuan  and
      Lo, Kyle  and
      Wang, Lucy Lu  and
      van Zuylen, Madeleine  and
      Cohan, Arman  and
      Hajishirzi, Hannaneh",
    booktitle = "Proceedings of the 2020 Conference on Empirical Methods in Natural Language Processing (EMNLP)",
    month = nov,
    year = "2020",
    doi = "10.18653/v1/2020.emnlp-main.609",
    pages = "7534--7550",
}

@InProceedings{luan2018scierc,
     author = {Luan, Yi and He, Luheng and Ostendorf, Mari and Hajishirzi, Hannaneh},
     title = {Multi-Task Identification of Entities, Relations, and Coreferencefor Scientific Knowledge Graph Construction},
     booktitle = {Proc.\ Conf. Empirical Methods Natural Language Process. (EMNLP)},
     year = {2018},
}

@inproceedings{chen2021-scixgen,
    title = "{S}ci{XG}en: A Scientific Paper Dataset for Context-Aware Text Generation",
    author = "Chen, Hong  and
      Takamura, Hiroya  and
      Nakayama, Hideki",
    booktitle = "Findings of the Association for Computational Linguistics: EMNLP 2021",
    month = nov,
    year = "2021",
    doi = "10.18653/v1/2021.findings-emnlp.128",
    pages = "1483--1492",
}

@MISC{arXMLiv,
  author = {Deyan Ginev},
  title = {arXMLiv:2020 dataset, an HTML5 conversion of arXiv.org},
  howpublished = {hosted at \url{https://sigmathling.kwarc.info/resources/arxmliv-dataset-2020/}},
  note = {SIGMathLing -- Special Interest Group on Math Linguistics},
  year = {2020}
}

@Article{Huh2014,
  author  = {Huh, Sun},
  title   = {{Journal Article Tag Suite 1.0: National Information Standards Organization standard of journal extensible markup language}},
  journal = {Science Editing},
  year    = {2014},
  volume  = {1},
  number  = {2},
  pages   = {99-104},
  doi     = {10.6087/kcse.2014.1.99},
}

@MISC{pmc_oas,
    author = {Bethesda (MD): National Library of Medicine},
    title = {{PMC Open Access Subset}},
    url = {https://www.ncbi.nlm.nih.gov/pmc/tools/openftlist/},
    note = {[Internet]. B. 2003 - [cited 2023 Feb 7]},
}

@article{core,
      volume = {25},
      number = {4},
       month = apr,
      author = {Nancy Pontika and Petr Knoth and Matteo Cancellieri and Samuel Pearce},
       title = {{Developing Infrastructure to Support Closer Collaboration of Aggregators with Open Repositories}},
     journal = {LIBER Quarterly},
       pages = {172--188},
        year = {2016},
         url = {http://oro.open.ac.uk/45935/},
}

@InProceedings{Gipp2015,
  author    = {Gipp, Bela and Meuschke, Norman and Lipinski, Mario},
  booktitle = {iConference 2015 Proceedings},
  title     = {{CITREC : An Evaluation Framework for Citation-Based Similarity Measures based on TREC Genomics and PubMed Central}},
  year      = {2015},
  url       = {http://hdl.handle.net/2142/73680},
}

@article{neuralparscit,
  title={{Neural ParsCit: A Deep Learning Based Reference String Parser}},
  author={Prasad, Animesh and Kaur, Manpreet and Kan, Min-Yen},
  journal={International Journal on Digital Libraries},
  volume={19},
  pages={323-337},
  year={2018},
  publisher={Springer},
  doi={10.1007/s00799-018-0242-1}
}

@InProceedings{Lopez2009,
  author    = {Lopez, Patrice},
  title     = {{GROBID: Combining Automatic Bibliographic Data Recognition and Term Extraction for Scholarship Publications}},
  booktitle = {Research and Advanced Technology for Digital Libraries},
  year      = {2009},
  pages     = {473--474},
}

@inproceedings{Sinha2015MAG,
  author    = {Arnab Sinha and
               Zhihong Shen and
               Yang Song and
               Hao Ma and
               Darrin Eide and
               Bo{-}June Paul Hsu and
               Kuansan Wang},
  title     = "{An Overview of Microsoft Academic Service {(MAS)} and Applications}",
  booktitle = "{Proceedings of the 24th International Conference on World Wide Web}",
  series    = "{{WWW}'15}",
  location   = "{Florence, Italy}",
  pages     = {243--246},
  year      = {2015}
}

@misc{openalex,
  doi = {10.48550/ARXIV.2205.01833},
  url = {https://arxiv.org/abs/2205.01833},
  author = {Priem, Jason and Piwowar, Heather and Orr, Richard},
  title = {{OpenAlex: A fully-open index of scholarly works, authors, venues, institutions, and concepts}},
  publisher = {arXiv},
  year = {2022},
  copyright = {Creative Commons Zero v1.0 Universal}
}

@article{astrocit,
doi = {10.3847/2515-5172/ac74c7},
url = {https://dx.doi.org/10.3847/2515-5172/ac74c7},
year = {2022},
month = {jun},
publisher = {The American Astronomical Society},
volume = {6},
number = {6},
pages = {113},
author = {Michele Delli Veneri and Rafael S. de Souza and Alberto Krone-Martins and E. E. O. Ishida and M. L. L. Dantas and Noble Kennamer and for the COIN collaboration},
title = {How Have Astronomers Cited Other Fields in the Last Decade?},
journal = {Research Notes of the AAS},
}

@Article{Saier2021,
  author     = {Saier, Tarek and F{\"a}rber, Michael and Tsereteli, Tornike},
  journal    = {International Journal on Digital Libraries},
  title      = {{Cross-Lingual Citations in English Papers: A Large-Scale Analysis of Prevalence, Usage, and Impact}},
  year       = {2021},
  issn       = {1432-1300},
  month      = dec,
  doi        = {10.1007/s00799-021-00312-z},
  groups     = {complex citestuff},
  keywords   = {Scholarly data, Citations, Cross-lingual, Citation analysis},
  language   = {en},
  shorttitle = {Cross-Lingual Citations in English Papers},
}

@inproceedings{viswanathan2021,
    title = "{C}itation{IE}: Leveraging the Citation Graph for Scientific Information Extraction",
    author = "Viswanathan, Vijay  and
      Neubig, Graham  and
      Liu, Pengfei",
    booktitle = "Proceedings of the 59th Annual Meeting of the Association for Computational Linguistics and the 11th International Joint Conference on Natural Language Processing (Volume 1: Long Papers)",
    month = aug,
    year = "2021",
    doi = "10.18653/v1/2021.acl-long.59",
    pages = "719--731",
}

@inproceedings{citesum,
    title = "{C}ite{S}um: Citation Text-guided Scientific Extreme Summarization and Domain Adaptation with Limited Supervision",
    author = "Mao, Yuning  and
      Zhong, Ming  and
      Han, Jiawei",
    booktitle = "Proceedings of the 2022 Conference on Empirical Methods in Natural Language Processing",
    month = dec,
    year = "2022",
    url = "https://aclanthology.org/2022.emnlp-main.750",
    pages = "10922--10935",
}

@inproceedings{multi_objective,
    title = "Multi-objective Representation Learning for Scientific Document Retrieval",
    author = "Parisot, Mathias  and
      Zavrel, Jakub",
    booktitle = "Proceedings of the Third Workshop on Scholarly Document Processing",
    month = oct,
    year = "2022",
    address = "Gyeongju, Republic of Korea",
    publisher = "Association for Computational Linguistics",
    url = "https://aclanthology.org/2022.sdp-1.9",
    pages = "80--88",
}

@Article{Faerber2020a,
  author   = {F{\"a}rber, Michael and Jatowt, Adam},
  title    = {{Citation recommendation: approaches and datasets}},
  journal  = {International Journal on Digital Libraries},
  year     = {2020},
  volume   = {21},
  number   = {4},
  pages    = {375--405},
  month    = dec,
  issn     = {1432-1300},
  doi      = {10.1007/s00799-020-00288-2},
}

@InProceedings{Bhagavatula2018,
  author    = {Bhagavatula, Chandra and Feldman, Sergey and Power, Russell and Ammar, Waleed},
  booktitle = {Proceedings of the 2018 Conference of the North {A}merican Chapter of the Association for Computational Linguistics: Human Language Technologies, Volume 1},
  title     = {{Content-Based Citation Recommendation}},
  year      = {2018},
  month     = jun,
  pages     = {238--251},
  publisher = {Association for Computational Linguistics},
  doi       = {10.18653/v1/N18-1022},
}

@misc{openalex-vs-mag,
  doi = {10.48550/arXiv.2206.14168},
  url = {https://arxiv.org/abs/2206.14168},
  author = {Scheidsteger, Thomas and Haunschild, Robin},
  title = {{Comparison of metadata with relevance for bibliometrics between Microsoft Academic Graph and OpenAlex until 2020}},
  publisher = {arXiv},
  year = {2022},
  copyright = {Creative Commons Zero v1.0 Universal}
}

@Article{Wilkinson2016,
  author   = {Wilkinson, Mark D. and Dumontier, Michel and Aalbersberg, IJsbrand Jan and Appleton, Gabrielle and Axton, Myles and Baak, Arie and Blomberg, Niklas and Boiten, Jan-Willem and da Silva Santos, Luiz Bonino and Bourne, Philip E. and Bouwman, Jildau and Brookes, Anthony J. and Clark, Tim and Crosas, Mercè and Dillo, Ingrid and Dumon, Olivier and Edmunds, Scott and Evelo, Chris T. and Finkers, Richard and Gonzalez-Beltran, Alejandra and Gray, Alasdair J. G. and Groth, Paul and Goble, Carole and Grethe, Jeffrey S. and Heringa, Jaap and ’t Hoen, Peter A. C. and Hooft, Rob and Kuhn, Tobias and Kok, Ruben and Kok, Joost and Lusher, Scott J. and Martone, Maryann E. and Mons, Albert and Packer, Abel L. and Persson, Bengt and Rocca-Serra, Philippe and Roos, Marco and van Schaik, Rene and Sansone, Susanna-Assunta and Schultes, Erik and Sengstag, Thierry and Slater, Ted and Strawn, George and Swertz, Morris A. and Thompson, Mark and van der Lei, Johan and van Mulligen, Erik and Velterop, Jan and Waagmeester, Andra and Wittenburg, Peter and Wolstencroft, Katherine and Zhao, Jun and Mons, Barend},
  journal  = {Scientific Data},
  title    = {{The FAIR Guiding Principles for scientific data management and stewardship}},
  year     = {2016},
  issn     = {2052-4463},
  number   = {1},
  pages    = {160018},
  volume   = {3},
  doi      = {10.1038/sdata.2016.18},
}

@InProceedings{Meuschke2023,
  author    = {Meuschke, Norman and Jagdale, Apurva and Spinde, Timo and Mitrović, Jelena and Gipp, Bela},
  booktitle = {Information for a {Better} {World}: {Normality}, {Virtuality}, {Physicality}, {Inclusivity}},
  title     = {A {Benchmark} of {PDF} {Information} {Extraction} {Tools} {Using} a {Multi}-task and {Multi}-domain {Evaluation} {Framework} for {Academic} {Documents}},
  year      = {2023},
  pages     = {383--405},
  publisher = {Springer Nature Switzerland},
  series    = {Lecture {Notes} in {Computer} {Science}},
  doi       = {10.1007/978-3-031-28032-0_31},
  isbn      = {9783031280320},
}
